<record><leader>00000cas a22000007a 4500</leader><controlfield tag="001">24267152</controlfield><controlfield tag="008">910821d19611990nyudn ne      0    0eng d</controlfield><controlfield tag="009">550</controlfield><datafield ind1=" " ind2=" " tag="010"><subfield code="a">sn 91066925 </subfield></datafield><datafield ind1=" " ind2=" " tag="040"><subfield code="a">NYS</subfield><subfield code="b">eng</subfield><subfield code="c">NYS</subfield><subfield code="d">DLC</subfield><subfield code="d">OCL</subfield><subfield code="d">NYS</subfield><subfield code="d">OCLCQ</subfield></datafield><datafield ind1=" " ind2=" " tag="019"><subfield code="a">24267293</subfield></datafield><datafield ind1="1" ind2=" " tag="029"><subfield code="a">AU@</subfield><subfield code="b">000025853758</subfield></datafield><datafield ind1=" " ind2=" " tag="042"><subfield code="a">msc</subfield></datafield><datafield ind1="0" ind2=" " tag="130"><subfield code="a">Evening news (Newburgh, N.Y. : Orange County ed.)</subfield></datafield><datafield ind1="0" ind2="4" tag="245"><subfield code="a">The evening news.</subfield></datafield><datafield ind1=" " ind2=" " tag="250"><subfield code="a">[Orange] County ed.</subfield></datafield><datafield ind1=" " ind2=" " tag="260"><subfield code="a">Newburgh, N.Y. :</subfield><subfield code="b">Newburgh-Beacon News Co.,</subfield><subfield code="c">1961.</subfield></datafield><datafield ind1=" " ind2=" " tag="300"><subfield code="a">v.</subfield></datafield><datafield ind1=" " ind2=" " tag="310"><subfield code="a">Daily (except Sunday and holidays)</subfield></datafield><datafield ind1="0" ind2=" " tag="362"><subfield code="a">Vol. 1, no. 1 (Feb. 10, 1961)-</subfield></datafield><datafield ind1="1" ind2=" " tag="362"><subfield code="a">Ceased in 1990?</subfield></datafield><datafield ind1=" " ind2=" " tag="500"><subfield code="a">Published as: Middletown ed., &lt;Oct. 1961-Oct. 1990&gt;.</subfield></datafield><datafield ind1=" " ind2="4" tag="651"><subfield code="a">Newburgh (N.Y.)</subfield><subfield code="v">Newspapers.</subfield></datafield><datafield ind1=" " ind2="4" tag="651"><subfield code="a">Middletown (N.Y.)</subfield><subfield code="v">Newspapers.</subfield></datafield><datafield ind1=" " ind2=" " tag="752"><subfield code="a">United States</subfield><subfield code="b">New York</subfield><subfield code="c">Orange</subfield><subfield code="d">Newburgh.</subfield></datafield><datafield ind1=" " ind2=" " tag="752"><subfield code="a">United States</subfield><subfield code="b">New York</subfield><subfield code="c">Orange</subfield><subfield code="d">Middletown.</subfield></datafield><datafield ind1="1" ind2=" " tag="775"><subfield code="t">Evening news (Beacon, N.Y.)</subfield><subfield code="w">(DLC)sn 84031287</subfield><subfield code="w">(OCoLC)10797822</subfield></datafield><datafield ind1="1" ind2=" " tag="775"><subfield code="t">Evening news (Newburgh, N.Y. : Newburgh City ed.)</subfield><subfield code="w">(DLC)sn 83031463</subfield><subfield code="w">(OCoLC)9857858</subfield></datafield><datafield ind1="0" ind2="0" tag="780"><subfield code="t">Newburgh-Beacon news (Newburgh, N.Y. : Orange County ed.)</subfield><subfield code="w">(DLC)sn 91066924</subfield><subfield code="w">(OCoLC)24303294</subfield></datafield></record>